@book{MacKay,
    author = {MacKay, David J. C.},
    title = {Information Theory, Inference and Learning Algorithms},
    year = {2005},
    edition = {7th},
}
