@book{MacKay,
    author = {MacKay, David J. C.},
    title = {Information Theory, Inference and Learning Algorithms},
    year = {2005},
    edition = {7th},
}

@book{Cover2006,
    added-at = {2009-04-20T21:27:16.000+0200},
    at = {2008-03-31 06:17:47},
    author = {Cover, Thomas M. and Thomas, Joy A.},
    biburl = {
              https://www.bibsonomy.org/bibtex/22e9bfa879286689a14feb55b69d326c1/ywhuang
              },
    howpublished = {Hardcover},
    id = {1877660},
    interhash = {87ae368776946bf7a71ee476e81a2191},
    intrahash = {2e9bfa879286689a14feb55b69d326c1},
    isbn = {0471241954},
    keywords = {information-theory book},
    month = {July},
    priority = {0},
    publisher = {Wiley-Interscience},
    timestamp = {2009-04-20T21:27:16.000+0200},
    title = {Elements of Information Theory 2nd Edition (Wiley Series in
             Telecommunications and Signal Processing)},
    year = 2006,
}

@book{alvim2020science,
    title = {The Science of Quantitative Information Flow},
    author = {Alvim, M{\'a}rio S and Chatzikokolakis, Konstantinos and McIver,
              Annabelle and Morgan, Carroll and Palamidessi, Catuscia and Smith,
              Geoffrey},
    year = {2020},
    publisher = {Springer},
}

